@article{altenkirch-chapman-uustalu:2015,
  author    = {Thorsten Altenkirch and
               James Chapman and
               Tarmo Uustalu},
  title     = {Monads Need Not Be Endofunctors},
  journal   = {Logical Methods in Computer Science},
  volume    = {11},
  number    = {1:3},
  pages     = {1--40},
  year      = {2015},
  url       = {http://www.www.lmcs-online.org/ojs/viewarticle.php?id=946&layout=abstract},
  doi       = {10.2168/LMCS-11(1:3)2015},
}

@article{crary:2009,
  title = "Explicit Contexts in {LF} (Extended Abstract) ",
  journal = "Electronic Notes in Theoretical Computer Science ",
  volume = "228",
  number = "",
  pages = "53 - 68",
  year = "2009",
  note = "Proceedings of the International Workshop on Logical Frameworks and Metalanguages: Theory and Practice (LFMTP 2008) ",
  issn = "1571-0661",
  doi = "http://dx.doi.org/10.1016/j.entcs.2008.12.116",
  url = "http://www.sciencedirect.com/science/article/pii/S1571066108005793",
  author = "Karl Crary",
  keywords = "LF",
  keywords = "Twelf",
  keywords = "dependent types "
}

@inproceedings{lee-crary-harper:2007,
 author = {Lee, Daniel K. and Crary, Karl and Harper, Robert},
 title = {Towards a Mechanized Metatheory of Standard ML},
 booktitle = {Proceedings of the 34th Annual ACM SIGPLAN-SIGACT Symposium on Principles of Programming Languages},
 series = {POPL '07},
 year = {2007},
 isbn = {1-59593-575-4},
 location = {Nice, France},
 pages = {173--184},
 numpages = {12},
 url = {http://doi.acm.org/10.1145/1190216.1190245},
 doi = {10.1145/1190216.1190245},
 acmid = {1190245},
 publisher = {ACM},
 address = {New York, NY, USA},
 keywords = {language definitions, logical frameworks, mechanized metatheory, standard ML, twelf, type safety},
}


@inproceedings{martens-crary:2012,
 author = {Martens, Chris and Crary, Karl},
 title = {{LF} in {LF}: Mechanizing the Metatheories of {LF} in {Twelf}},
 booktitle = {Proceedings of the Seventh International Workshop on Logical Frameworks and Meta-languages, Theory and Practice},
 series = {LFMTP '12},
 year = {2012},
 isbn = {978-1-4503-1578-4},
 location = {Copenhagen, Denmark},
 pages = {23--32},
 numpages = {10},
 url = {http://doi.acm.org/10.1145/2364406.2364410},
 doi = {10.1145/2364406.2364410},
 acmid = {2364410},
 publisher = {ACM},
 address = {New York, NY, USA},
 keywords = {dependent type theory, hereditary substitution, logical frameworks, mechanized metatheory, twelf},
}

@book{harper:2016,
 author = {Harper, Robert},
 title = {Practical Foundations for Programming Languages},
 year = {2016},
 publisher = {Cambridge University Press},
 address = {New York, NY, USA},
}

@incollection{hamana:2004,
year={2004},
isbn={978-3-540-23724-2},
booktitle={Programming Languages and Systems},
volume={3302},
series={Lecture Notes in Computer Science},
editor={Chin, Wei-Ngan},
doi={10.1007/978-3-540-30477-7_23},
title={Free Σ-Monoids: A Higher-Order Syntax with Metavariables},
url={http://dx.doi.org/10.1007/978-3-540-30477-7_23},
publisher={Springer Berlin Heidelberg},
author={Hamana, Makoto},
pages={348-363},
language={English}
}

@INPROCEEDINGS{fiore:1999,
author={Fiore, Marcelo and Plotkin, Gordon and Turi, Daniele},
booktitle={Proceedings of the 14th Symposium on Logic in Computer Science},
title={Abstract syntax and variable binding},
year={1999},
pages={193-202},
keywords={process algebra;abstract syntax;category of models;compatible algebra;initial algebra semantics;semantic substitution lemma;substitution structures;variable binding;Algebra;Carbon capture and storage;Computer languages;Concrete;Integral equations;Logic;Production;Proposals;Tree graphs},
doi={10.1109/LICS.1999.782615},
ISSN={1043-6871},
month={},}


@inproceedings{fiore-mamoud:2010,
  author    = {Fiore, Marcelo and Mamoud, Ola},
  title     = {Second-Order Algebraic Theories -- (Extended Abstract)},
  booktitle = {Mathematical Foundations of Computer Science 2010, 35th International
               Symposium, {MFCS} 2010, Brno, Czech Republic, August 23-27, 2010.
               Proceedings},
  pages     = {368--380},
  year      = {2010},
  url       = {http://dx.doi.org/10.1007/978-3-642-15155-2_33},
  doi       = {10.1007/978-3-642-15155-2_33},
}

@article{harper-honsell-gorden:1993,
 author = {Harper, Robert and Honsell, Furio and Plotkin, Gordon},
 title = {A Framework for Defining Logics},
 journal = {J. ACM},
 issue_date = {Jan. 1993},
 volume = {40},
 number = {1},
 month = jan,
 year = {1993},
 issn = {0004-5411},
 pages = {143--184},
 numpages = {42},
 url = {http://doi.acm.org/10.1145/138027.138060},
 doi = {10.1145/138027.138060},
 acmid = {138060},
 publisher = {ACM},
 address = {New York, NY, USA},
 keywords = {formal systems, interactive theorem proving, proof checking, typed lambda calculus},
}

@techreport{aczel:1978,
  title = {A general {Church-Rosser} theorem},
  author = {Aczel, Peter},
  institution = {University of Manchester},
  year = 1978,
  url = {http://www.ens-lyon.fr/LIP/REWRITING/MISC/AGeneralChurch-RosserTheorem.pdf},
}

%%% For the Theory of Arities
@book{martin-lof:1984,
   title = "Intuitionistic type theory",
   author = "Martin-Löf, Per and Sambin, Giovanni",
   series = "Studies in proof theory",
   publisher = "Bibliopolis",
   address = "Napoli",
   isbn = "88-7088-105-9",
   year = 1984
}

@inproceedings{fiore:2005,
  author    = {Marcelo P. Fiore},
  title     = {Mathematical Models of Computational and Combinatorial Structures},
  booktitle = {Foundations of Software Science and Computational Structures, 8th
               International Conference, {FOSSACS} 2005, Held as Part of the Joint
               European Conferences on Theory and Practice of Software, {ETAPS} 2005,
               Edinburgh, UK, April 4-8, 2005, Proceedings},
  pages     = {25--46},
  year      = {2005},
  url       = {http://dx.doi.org/10.1007/978-3-540-31982-5_2},
  doi       = {10.1007/978-3-540-31982-5_2},
}
